% main reference
@inproceedings{huang2014querying,
  title={Querying k-truss community in large and dynamic graphs},
  author={Huang, Xin and Cheng, Hong and Qin, Lu and Tian, Wentao and Yu, Jeffrey Xu},
  booktitle={Proceedings of the 2014 ACM SIGMOD international conference on Management of data},
  pages={1311--1322},
  year={2014},
  organization={ACM}
}

@article{cohen2008trusses,
  title={Trusses: Cohesive subgraphs for social network analysis},
  author={Cohen, Jonathan},
  journal={National Security Agency Technical Report},
  volume={16},
  year={2008},
  publisher={Citeseer}
}

@article{wang2012truss,
  title={Truss decomposition in massive networks},
  author={Wang, Jia and Cheng, James},
  journal={Proceedings of the VLDB Endowment},
  volume={5},
  number={9},
  pages={812--823},
  year={2012},
  publisher={VLDB Endowment}
}

% nucleus related
@article{sariyuce2016fast,
  title={Fast hierarchy construction for dense subgraphs},
  author={Sariy{\"u}ce, Ahmet Erdem and Pinar, Ali},
  journal={Proceedings of the VLDB Endowment},
  volume={10},
  number={3},
  pages={97--108},
  year={2016},
  publisher={VLDB Endowment}
}

@article{sariyuce2017nucleus,
  title={Nucleus decompositions for identifying hierarchy of dense subgraphs},
  author={Sariy{\"u}ce, Ahmet Erdem and Seshadhri, C and Pinar, Ali and {\c{C}}ataly{\"u}rek, {\"U}mit V},
  journal={ACM Transactions on the Web (TWEB)},
  volume={11},
  number={3},
  pages={16},
  year={2017},
  publisher={ACM}
}

% overview
@inproceedings{huang2017community,
  title={Community Search over Big Graphs: Models, Algorithms, and Opportunities},
  author={Huang, Xin and Lakshmanan, Laks VS and Xu, Jianliang},
  booktitle={Data Engineering (ICDE), 2017 IEEE 33rd International Conference on},
  pages={1451--1454},
  year={2017},
  organization={IEEE}
}

% used techniques
@inproceedings{cattaneo2002maintaining,
  title={Maintaining dynamic minimum spanning trees: An experimental study},
  author={Cattaneo, Giuseppe and Faruolo, Pompeo and Petrillo, Umberto Ferraro and Italiano, Giuseppe F},
  booktitle={Workshop on Algorithm Engineering and Experimentation},
  pages={111--125},
  year={2002},
  organization={Springer}
}

@incollection{bender2000lca,
  title={The LCA problem revisited},
  author={Bender, Michael A and Farach-Colton, Martin},
  booktitle={LATIN 2000: Theoretical Informatics},
  year={2000},
  publisher={Springer}
}

% experiment settings
@article{RicciEide:login14,
    author  = "Robert Ricci and Eric Eide and {The CloudLab Team}",
    title   = "Introducing {CloudLab}: Scientific Infrastructure for Advancing Cloud Architectures and Applications",
    journal = "{USENIX} {;login:}",
    year    = 2014,
    month   = dec,
    volume  = 39,
    number  = 6,
    url = "https://www.usenix.org/publications/login/dec14/ricci"
}

@misc{snapnets,
  author       = {Jure Leskovec and Andrej Krevl},
  title        = {{SNAP Datasets}: {Stanford} Large Network Dataset Collection},
  howpublished = {{http://snap.stanford.edu/data}},
  month        = jun,
  year         = 2014
}

@inproceedings{nr-aaai15,
   title = {The Network Data Repository with Interactive Graph Analytics
      and Visualization},
   author={Ryan A. Rossi and Nesreen K. Ahmed},
   booktitle = {Proceedings of the Twenty-Ninth AAAI Conference on
      Artificial Intelligence},
   url={http://networkrepository.com},
   year={2015}
}

% related work: relevant -- clique
@article{bron1973algorithm,
  title={Algorithm 457: finding all cliques of an undirected graph},
  author={Bron, Coen and Kerbosch, Joep},
  journal={Communications of the ACM},
  volume={16},
  number={9},
  pages={575--577},
  year={1973},
  publisher={ACM}
}

@inproceedings{rossi2014fast,
  title={Fast maximum clique algorithms for large graphs},
  author={Rossi, Ryan A and Gleich, David F and Gebremedhin, Assefaw H and Patwary, Md Mostofa Ali},
  booktitle={Proceedings of the 23rd International Conference on World Wide Web},
  pages={365--366},
  year={2014},
  organization={ACM}
}

% related work: relevant -- k-core
@inproceedings{cheng2011efficient,
  title={Efficient core decomposition in massive networks},
  author={Cheng, James and Ke, Yiping and Chu, Shumo and {\"O}zsu, M Tamer},
  booktitle={Data Engineering (ICDE), 2011 IEEE 27th International Conference on},
  pages={51--62},
  year={2011},
  organization={IEEE}
}

@inproceedings{shin2016corescope,
  title={CoreScope: Graph Mining Using k-Core Analysisâ€”Patterns, Anomalies and Algorithms},
  author={Shin, Kijung and Eliassi-Rad, Tina and Faloutsos, Christos},
  booktitle={Data Mining (ICDM), 2016 IEEE 16th International Conference on},
  pages={469--478},
  year={2016},
  organization={IEEE}
}

% related work: relevant -- k-truss
@article{huang2015approximate,
  title={Approximate closest community search in networks},
  author={Huang, Xin and Lakshmanan, Laks VS and Yu, Jeffrey Xu and Cheng, Hong},
  journal={Proceedings of the VLDB Endowment},
  volume={9},
  number={4},
  pages={276--287},
  year={2015},
  publisher={VLDB Endowment}
}

@inproceedings{huang2016truss,
  title={Truss decomposition of probabilistic graphs: Semantics and algorithms},
  author={Huang, Xin and Lu, Wei and Lakshmanan, Laks VS},
  booktitle={Proceedings of the 2016 International Conference on Management of Data},
  pages={77--90},
  year={2016},
  organization={ACM}
}

@article{zou2017truss,
  title={Truss decomposition of uncertain graphs},
  author={Zou, Zhaonian and Zhu, Rong},
  journal={Knowledge and Information Systems},
  volume={50},
  number={1},
  pages={197--230},
  year={2017},
  publisher={Springer}
}

@article{zheng2017finding,
  title={Finding weighted k-truss communities in large networks},
  author={Zheng, Zibin and Ye, Fanghua and Li, Rong-Hua and Ling, Guohui and Jin, Tan},
  journal={Information Sciences},
  volume={417},
  pages={344--360},
  year={2017},
  publisher={Elsevier}
}

% related work: relevant -- quasi-cliques
@inproceedings{tsourakakis2013denser,
  title={Denser than the densest subgraph: extracting optimal quasi-cliques with quality guarantees},
  author={Tsourakakis, Charalampos and Bonchi, Francesco and Gionis, Aristides and Gullo, Francesco and Tsiarli, Maria},
  booktitle={Proceedings of the 19th ACM SIGKDD international conference on Knowledge discovery and data mining},
  pages={104--112},
  year={2013},
  organization={ACM}
}

@inproceedings{lee2016query,
  title={Query-Driven Maximum Quasi-Clique Search},
  author={Lee, Pei and Lakshmanan, Laks VS},
  booktitle={Proceedings of the 2016 SIAM International Conference on Data Mining},
  pages={522--530},
  year={2016},
  organization={SIAM}
}

% related work: relevant -- free rider
@article{wu2015robust,
  title={Robust local community detection: on free rider effect and its elimination},
  author={Wu, Yubao and Jin, Ruoming and Li, Jing and Zhang, Xiang},
  journal={Proceedings of the VLDB Endowment},
  volume={8},
  number={7},
  pages={798--809},
  year={2015},
  publisher={VLDB Endowment}
}

% related work: others
@article{koujaku2016dense,
  title={Dense core model for cohesive subgraph discovery},
  author={Koujaku, Sadamori and Takigawa, Ichigaku and Kudo, Mineichi and Imai, Hideyuki},
  journal={Social Networks},
  volume={44},
  pages={143--152},
  year={2016},
  publisher={Elsevier}
}

@inproceedings{mcauley2012learning,
  title={Learning to Discover Social Circles in Ego Networks.},
  author={McAuley, Julian J and Leskovec, Jure},
  booktitle={NIPS},
  volume={2012},
  pages={548--56},
  year={2012}
}

@inproceedings{sozio2010community,
  title={The community-search problem and how to plan a successful cocktail party},
  author={Sozio, Mauro and Gionis, Aristides},
  booktitle={Proceedings of the 16th ACM SIGKDD international conference on Knowledge discovery and data mining},
  pages={939--948},
  year={2010},
  organization={ACM}
}

@inproceedings{cui2014local,
  title={Local search of communities in large graphs},
  author={Cui, Wanyun and Xiao, Yanghua and Wang, Haixun and Wang, Wei},
  booktitle={Proceedings of the 2014 ACM SIGMOD international conference on Management of data},
  pages={991--1002},
  year={2014},
  organization={ACM}
}

@article{li2015influential,
  title={Influential community search in large networks},
  author={Li, Rong-Hua and Qin, Lu and Yu, Jeffrey Xu and Mao, Rui},
  journal={Proceedings of the VLDB Endowment},
  volume={8},
  number={5},
  pages={509--520},
  year={2015},
  publisher={VLDB Endowment}
}

@inproceedings{cui2013online,
  title={Online search of overlapping communities},
  author={Cui, Wanyun and Xiao, Yanghua and Wang, Haixun and Lu, Yiqi and Wang, Wei},
  booktitle={Proceedings of the 2013 ACM SIGMOD International Conference on Management of Data},
  pages={277--288},
  year={2013},
  organization={ACM}
}

@article{barbieri2015efficient,
  title={Efficient and effective community search},
  author={Barbieri, Nicola and Bonchi, Francesco and Galimberti, Edoardo and Gullo, Francesco},
  journal={Data Mining and Knowledge Discovery},
  volume={29},
  number={5},
  pages={1406--1433},
  year={2015},
  publisher={Springer}
}

@article{fang2016effective,
  title={Effective community search for large attributed graphs},
  author={Fang, Yixiang and Cheng, Reynold and Luo, Siqiang and Hu, Jiafeng},
  journal={Proceedings of the VLDB Endowment},
  volume={9},
  number={12},
  pages={1233--1244},
  year={2016},
  publisher={VLDB Endowment}
}

@article{huang2016attribute,
  title={Attribute Truss Community Search},
  author={Huang, Xin and Lakshmanan, Laks VS},
  journal={arXiv preprint arXiv:1609.00090},
  year={2016}
}

@inproceedings{chen2016efficient,
  title={Efficient Computation of Importance Based Communities in Web-Scale Networks Using a Single Machine},
  author={Chen, Shu and Wei, Ran and Popova, Diana and Thomo, Alex},
  booktitle={Proceedings of the 25th ACM International on Conference on Information and Knowledge Management},
  pages={1553--1562},
  year={2016},
  organization={ACM}
}

@inproceedings{shang2016agar,
  title={AGAR: an attribute-based graph refining method for community search},
  author={Shang, Jingwen and Wang, Chaokun and Wang, Changping and Guo, Gaoyang and Qian, Jun},
  booktitle={Proceedings of the Sixth International Conference on Emerging Databases: Technologies, Applications, and Theory},
  pages={65--66},
  year={2016},
  organization={ACM}
}

@article{li2017finding,
  title={Finding influential communities in massive networks},
  author={Li, Rong-Hua and Qin, Lu and Yu, Jeffrey Xu and Mao, Rui},
  journal={The VLDB Journal},
  pages={1--26},
  year={2017},
  publisher={Springer}
}

@article{shang2017attribute,
  title={An attribute-based community search method with graph refining},
  author={Shang, Jingwen and Wang, Chaokun and Wang, Changping and Guo, Gaoyang and Qian, Jun},
  journal={The Journal of Supercomputing},
  pages={1--28},
  year={2017},
  publisher={Springer}
}

@article{wangquery,
  title={Query Optimal k-Plex Based Community in Graphs},
  author={Wang, Yue and Xun, Jian and Yang, Zhenhua and Li, Jia},
  journal={Data Science and Engineering},
  pages={1--17},
  publisher={Springer}
}

@inproceedings{zhang2017visualizing,
  title={Visualizing Attributed Graphs via Terrain Metaphor},
  author={Zhang, Yang and Wang, Yusu and Parthasarathy, Srinivasan},
  booktitle={Proceedings of the 23rd ACM SIGKDD International Conference on Knowledge Discovery and Data Mining},
  pages={1325--1334},
  year={2017},
  organization={ACM}
}

@inproceedings{li2017discovering,
  title={Discovering Hierarchical Subgraphs of K-Core-Truss},
  author={Li, Zhen-jun and Zhang, Wei-Peng and Li, Rong-Hua and Guo, Jun and Huang, Xin and Mao, Rui},
  booktitle={International Conference on Web Information Systems Engineering},
  pages={441--456},
  year={2017},
  organization={Springer}
}

@article{bi2017optimal,
  title={An Optimal and Progressive Approach to Online Search of Top-k Important Communities},
  author={Bi, Fei and Chang, Lijun and Lin, Xuemin and Zhang, Wenjie},
  journal={arXiv preprint arXiv:1711.05857},
  year={2017}
}

@article{fang2017effective,
  title={Effective and efficient attributed community search},
  author={Fang, Yixiang and Cheng, Reynold and Chen, Yankai and Luo, Siqiang and Hu, Jiafeng},
  journal={The VLDB Journal},
  pages={1--26},
  year={2017},
  publisher={Springer}
}

@article{huang2017attribute,
  title={Attribute-driven community search},
  author={Huang, Xin and Lakshmanan, Laks VS},
  journal={Proceedings of the VLDB Endowment},
  volume={10},
  number={9},
  pages={949--960},
  year={2017},
  publisher={VLDB Endowment}
}

@inproceedings{li2017most,
  title={Most Influential Community Search over Large Social Networks},
  author={Li, Jianxin and Wang, Xinjue and Deng, Ke and Yang, Xiaochun and Sellis, Timos and Yu, Jeffrey Xu},
  booktitle={Data Engineering (ICDE), 2017 IEEE 33rd International Conference on},
  pages={871--882},
  year={2017},
  organization={IEEE}
}

% application
@inproceedings{durmaz2017frequent,
  title={Frequent Subgraph Mining of Personalized Signaling Pathway Networks Groups Patients with Frequently Dysregulated Disease Pathways and Predicts Prognosis.},
  author={Durmaz, Arda and Henderson, Tim AD and Brubaker, Douglas and Bebek, G{\"u}rkan},
  booktitle={PSB},
  year={2017}
}

@article{zong2015behavior,
  title={Behavior query discovery in system-generated temporal graphs},
  author={Zong, Bo and Xiao, Xusheng and Li, Zhichun and Wu, Zhenyu and Qian, Zhiyun and Yan, Xifeng and Singh, Ambuj K and Jiang, Guofei},
  journal={Proceedings of the VLDB Endowment},
  volume={9},
  number={4},
  pages={240--251},
  year={2015},
  publisher={VLDB Endowment}
}

@article{yin2017taming,
  title={Taming Near Repeat Calculation for Crime Analysis via Cohesive Subgraph Computing},
  author={Yin, Zhaoming and Shi, Xuan},
  journal={arXiv preprint arXiv:1705.07746},
  year={2017}
}