@inproceedings{huang2014querying,
  title={Querying k-truss community in large and dynamic graphs},
  author={Huang, Xin and Cheng, Hong and Qin, Lu and Tian, Wentao and Yu, Jeffrey Xu},
  booktitle={Proceedings of the 2014 ACM SIGMOD international conference on Management of data},
  pages={1311--1322},
  year={2014},
  organization={ACM}
}

@article{cohen2008trusses,
  title={Trusses: Cohesive subgraphs for social network analysis},
  author={Cohen, Jonathan},
  journal={National Security Agency Technical Report},
  volume={16},
  year={2008},
  publisher={Citeseer}
}

@inproceedings{mcauley2012learning,
  title={Learning to Discover Social Circles in Ego Networks.},
  author={McAuley, Julian J and Leskovec, Jure},
  booktitle={NIPS},
  volume={2012},
  pages={548--56},
  year={2012}
}

@inproceedings{sozio2010community,
  title={The community-search problem and how to plan a successful cocktail party},
  author={Sozio, Mauro and Gionis, Aristides},
  booktitle={Proceedings of the 16th ACM SIGKDD international conference on Knowledge discovery and data mining},
  pages={939--948},
  year={2010},
  organization={ACM}
}

@inproceedings{cui2014local,
  title={Local search of communities in large graphs},
  author={Cui, Wanyun and Xiao, Yanghua and Wang, Haixun and Wang, Wei},
  booktitle={Proceedings of the 2014 ACM SIGMOD international conference on Management of data},
  pages={991--1002},
  year={2014},
  organization={ACM}
}

@article{li2015influential,
  title={Influential community search in large networks},
  author={Li, Rong-Hua and Qin, Lu and Yu, Jeffrey Xu and Mao, Rui},
  journal={Proceedings of the VLDB Endowment},
  volume={8},
  number={5},
  pages={509--520},
  year={2015},
  publisher={VLDB Endowment}
}

@inproceedings{cui2013online,
  title={Online search of overlapping communities},
  author={Cui, Wanyun and Xiao, Yanghua and Wang, Haixun and Lu, Yiqi and Wang, Wei},
  booktitle={Proceedings of the 2013 ACM SIGMOD International Conference on Management of Data},
  pages={277--288},
  year={2013},
  organization={ACM}
}

@article{wu2015robust,
  title={Robust local community detection: on free rider effect and its elimination},
  author={Wu, Yubao and Jin, Ruoming and Li, Jing and Zhang, Xiang},
  journal={Proceedings of the VLDB Endowment},
  volume={8},
  number={7},
  pages={798--809},
  year={2015},
  publisher={VLDB Endowment}
}

@article{wang2012truss,
  title={Truss decomposition in massive networks},
  author={Wang, Jia and Cheng, James},
  journal={Proceedings of the VLDB Endowment},
  volume={5},
  number={9},
  pages={812--823},
  year={2012},
  publisher={VLDB Endowment}
}

@article{RicciEide:login14,
    author  = "Robert Ricci and Eric Eide and {The CloudLab Team}",
    title   = "Introducing {CloudLab}: Scientific Infrastructure for Advancing Cloud Architectures and Applications",
    journal = "{USENIX} {;login:}",
    year    = 2014,
    month   = dec,
    volume  = 39,
    number  = 6,
    url = "https://www.usenix.org/publications/login/dec14/ricci"
}

@misc{snapnets,
  author       = {Jure Leskovec and Andrej Krevl},
  title        = {{SNAP Datasets}: {Stanford} Large Network Dataset Collection},
  howpublished = {{http://snap.stanford.edu/data}},
  month        = jun,
  year         = 2014
}

@incollection{bender2000lca,
  title={The LCA problem revisited},
  author={Bender, Michael A and Farach-Colton, Martin},
  booktitle={LATIN 2000: Theoretical Informatics},
  year={2000},
  publisher={Springer}
}

@inproceedings{cattaneo2002maintaining,
  title={Maintaining dynamic minimum spanning trees: An experimental study},
  author={Cattaneo, Giuseppe and Faruolo, Pompeo and Petrillo, Umberto Ferraro and Italiano, Giuseppe F},
  booktitle={Workshop on Algorithm Engineering and Experimentation},
  pages={111--125},
  year={2002},
  organization={Springer}
}